<record><leader>00000cas a22000007a 4500</leader><controlfield tag="001">20236243</controlfield><controlfield tag="008">890823d19051910couwr ne      0    0eng d</controlfield><datafield ind1=" " ind2=" " tag="010"><subfield code="a">sn 89052230 </subfield></datafield><datafield ind1=" " ind2=" " tag="040"><subfield code="a">CNQ</subfield><subfield code="b">eng</subfield><subfield code="c">CNQ</subfield><subfield code="d">OCLCQ</subfield></datafield><datafield ind1=" " ind2=" " tag="042"><subfield code="a">msc</subfield></datafield><datafield ind1="0" ind2=" " tag="130"><subfield code="a">Lafayette leader (Lafayette, Colo. : 1905)</subfield></datafield><datafield ind1="1" ind2="4" tag="245"><subfield code="a">The Lafayette leader.</subfield></datafield><datafield ind1=" " ind2=" " tag="260"><subfield code="a">Lafayette, Colo. :</subfield><subfield code="b">Lafayette Print. and Pub. Co.</subfield></datafield><datafield ind1=" " ind2=" " tag="300"><subfield code="a">v.</subfield></datafield><datafield ind1=" " ind2=" " tag="310"><subfield code="a">Weekly</subfield></datafield><datafield ind1="0" ind2=" " tag="362"><subfield code="a">Vol. 1, no. 1 (Feb. 2, 1905)-v. 6, no. 40 (Nov. 4, 1910).</subfield></datafield><datafield ind1=" " ind2=" " tag="530"><subfield code="a">Available on microfilm from the Colorado Historical Society.</subfield></datafield><datafield ind1=" " ind2=" " tag="752"><subfield code="a">United States</subfield><subfield code="b">Colorado</subfield><subfield code="c">Boulder</subfield><subfield code="d">Lafayette.</subfield></datafield><datafield ind1="0" ind2="7" tag="785"><subfield code="t">News free press (Lafayette, Colo.)</subfield><subfield code="w">(DLC)sn 89052229</subfield></datafield><datafield ind1="0" ind2="7" tag="785"><subfield code="t">Lafayette leader and news free press, vol. 13</subfield><subfield code="w">(DLC)sn 90051984</subfield></datafield></record>